<?xml version="1.0" encoding="UTF-8"?><record xmlns="http://www.loc.gov/MARC21/slim" xmlns:cinclude="http://apache.org/cocoon/include/1.0" xmlns:zs="http://www.loc.gov/zing/srw/">
  <leader>01005cz  a2200205n  4500</leader>
  <controlfield tag="001">no2003049658</controlfield>
  <controlfield tag="003">DLC</controlfield>
  <controlfield tag="005">20110220074948.0</controlfield>
  <controlfield tag="008">030520n| acannaabn          |n aaa     c</controlfield>
  <datafield tag="010" ind1=" " ind2=" ">
    <subfield code="a">no2003049658</subfield>
  </datafield>
  <datafield tag="035" ind1=" " ind2=" ">
    <subfield code="a">(OCoLC)oca06054166</subfield>
  </datafield>
  <datafield tag="040" ind1=" " ind2=" ">
    <subfield code="a">NBuU</subfield>
    <subfield code="b">eng</subfield>
    <subfield code="c">NBuU</subfield>
    <subfield code="d">OrU</subfield>
  </datafield>
  <datafield tag="046" ind1=" " ind2=" ">
    <subfield code="f">19710423</subfield>
  </datafield>
  <datafield tag="100" ind1="1" ind2=" ">
    <subfield code="a">Wooster, Rossitza B.</subfield>
    <subfield code="q">(Rossitza Bouneva),</subfield>
    <subfield code="d">1971-</subfield>
  </datafield>
  <datafield tag="370" ind1=" " ind2=" ">
    <subfield code="a">Sofia, Bulgaria</subfield>
    <subfield code="c">U.S.</subfield>
    <subfield code="f">Sacramento, Calif.</subfield>
  </datafield>
  <datafield tag="373" ind1=" " ind2=" ">
    <subfield code="a">California State University, Sacramento</subfield>
  </datafield>
  <datafield tag="670" ind1=" " ind2=" ">
    <subfield code="a">CEO turnover and foreign market participation, c2003:</subfield>
    <subfield code="b">t.p. (Rossitza B. Wooster)</subfield>
  </datafield>
  <datafield tag="670" ind1=" " ind2=" ">
    <subfield code="a">OCLC, May 20, 2003</subfield>
    <subfield code="b">(hdg.: Wooster, Rossitza B.; Wooster, Rossitza Bouneva, 1971- ; usage: Rossitza B. Wooster; Rossitza Bouneva Wooster)</subfield>
  </datafield>
  <datafield tag="670" ind1=" " ind2=" ">
    <subfield code="a">Three essays on firms' foreign direct investment decisions, 2002:</subfield>
    <subfield code="b">t.p. (Rossitza Bouneva Wooster) vita (b. April 23, 1971, Sofia, Bulgaria)</subfield>
  </datafield>
  <datafield tag="670" ind1=" " ind2=" ">
    <subfield code="a">Networking and foreign direct investment activity, 2002:</subfield>
    <subfield code="b">p. 1 (Rossitza B. Wooster, California State University, Sacramento)</subfield>
  </datafield>
</record>